@book{WoRMS,
editor={Appeltans, W and Bouchet, P. and Boxshall, G.A. and De Broyer, C. and de Voogd, N.J. and Gordon, D.P. and Hoeksema, B.W. and Horton, T. and Kennedy, M. and Mees J. and Poore, G.C.B. and Read, G. and St\"{o}hr, S. and Walter, T.C. and Costello, M.J.},
title = {World Register of Marine Species},
year = {2012},
publisher = {Accessed at \url{http://www.marinespecies.org} on 2020-12-1}
}

@article{Anderson:2019,
  author = 	 {Anderson, S.C. and Keppel, E.A. and Edwards, A.M.},
  title = 	 {\link{https://www.dfo-mpo.gc.ca/csas-sccs/Publications/ResDocs-DocRech/2019/2019_041-eng.html}{A reproducible data synopsis for over 100 species of {B}ritish {C}olumbia groundfish}},
  year =  {2019},
  journal = {DFO Can. Sci. Advis. Sec. Res. Doc.},
  volume =  {2019/041. vii + 321 p.}
}


@article{Agardy:2011,
  author = 	 {Agardy, T. and Notarbartolo di Sciara, G. and Christie, P.},
  title = 	 {\link{https://www.sciencedirect.com/science/article/pii/S0308597X10001740}{Addressing the shortcomings of marine protected areas through large scale marine spatial planning}},
  year = 	 {2011},
  journal = 	 {Marine Policy},
  volume = 	 {35(2)},
  pages = {226--232}
}


@article{Benoit:etal:2003:techreport,
  author = 	 {Benoît, H.P. and Abgrall, M.-J. and Swain, D.P.},
  title = 	 {\link{http://publications.gc.ca/site/eng/428386/publication.html}{An assessment of the general status of marine and diadromous fish species in the southern {G}ulf of {S}t. {L}awrence based on annual bottom trawl surveys (1971-2002)}},
  year = 	 {2003},
  journal = 	 {Can. Tech. Rep. Fish. Aquat. Sci.},
  volume = 	 {2472},
  pages = {iv + 183~p.}
}

@article{Bourdages:NGatlas:2012,
  author = 	 {Bourdages, Hugo and Ouellet, Jean-François},
  title = 	 {\link{http://publications.gc.ca/site/eng/425663/publication.html}{Geographic distribution and abundance indices of marine fish in the northern {G}ulf of {S}t. {L}awrence (1990-2009)}},
  year = 	 {2012},
  journal = 	 {Can. Tech. Rep. Fish. Aquat. Sci.},
  volume = 	 {2963},
  pages = {vi + 171~p.}
}

@article{Boudreau:2017,
  author = 	 {Boudreau,S.A. and Shackell,N.L. and Carson,S. and den Heyer C.E.},
  title = 	 {\link{https://www.sciencedirect.com/science/article/pii/S138511011200055X#s0025}{Connectivity, persistence, and loss of high abundance areas of a recovering marine fish population in the {N}orthwest {A}tlantic {O}cean}},
  year = 	 {2017},
  journal =  {Ecol. Evol.},
  volume = 	{7},
  pages = {9739--9749}
}


@article{Brown:2012,
  author = 	 {Brown, C. and Sameoto, J. and Smith, S.},
  title = 	 {\link{https://www.sciencedirect.com/science/article/pii/S138511011200055X#s0025}{Multiple methods, maps, and management applications: Purpose made seafloor maps in support of ocean management}},
  year = 	 {2012},
  journal = 	 {Journal of Sea research},
  volume = 	 {72},
  pages = {113}
}

@article{Bundyetal2017,
  author = 	 {Bundy, A. and Will, E. and Serdynska, A. and Cook, A. and Ward-Paige, C.A.},
  title = 	 {\link{http://publications.gc.ca/collections/collection_2017/mpo-dfo/Fs97-6-3186-eng.pdf}{Defining and mapping functional groups for fishes and invertebrates in the {S}cotian {S}helf bioregion}},
  year = 	 {2017},
  journal =  {Can. Tech. Rep. Fish. Aquat. Sci.},
  volume = 	 {3186: iv + 49 p}
}

@article{Cook:2017,
  author = 	 {Cook, A.M. and Cassista Da-Ros, M. and Denton, C.},
  title = 	 {\link{https://waves-vagues.dfo-mpo.gc.ca/Library/40644881.pdf}{Framework Assessment of the Offshore {A}merican {L}obster in {L}obster {F}ishing {A}rea ({LFA}) 41.}},
  year = 	 {2017},
  journal = {DFO Can. Sci. Advis. Sec. Res. Doc.},
  volume = 	 {2017/065 viii + 186 p.}
}


@article{DFO:2016,
  author       = {DFO},
  year         = {2016},
  title        = {DFO Maritimes Research Vessel Trawl Surveys Invertebrate observations. Version 7 In OBIS Canada Digital Collections},
  journal   = {Bedford Institute of Oceanography, Dartmouth, NS, Canada, Published by OBIS, Digital},
  volume    = {2016}
}


@article{edwards2013,
  author       = {A. M. Edwards and R. Haigh and P. J. Starr},
  year         = {2014},
  title        = {Pacific {Ocean Perch} ({\emph{Sebastes alutus}}) stock
    assessment for the north and west coasts of {Haida Gwaii, British Columbia}},
  journal   = {DFO Can. Sci. Advis. Sec. Res. Doc.},
  volume    = {2013/092},
  pages     = {vi + 126~p}
}

@article{Ehler:2009,
  author       = {Ehler, C. and Douvere, F.},
  year         = {2009},
  title        = {Marine spatial planning: a step-by-step approach}},
  journal   = {IOC Manuals and Guides 53},
  volume    = {Paris, France, Unesco, 99pp.}
}


@article{ClarkEmberley2011,
  author = 	{Clark, D.W. and Emberley, J.},
  year = 	  {2011},
  title = 	{Update of the 2010 Summer Scotian Shelf and Bay of Fundy Research Vessel Survey},
  journal = 	 {Can. Tech. Rep. Fish. Aquat. Sci.},
  pages = 	 {1238: ix + 98 p.}
}

@article{DoubledayRivard1981,
  author = 	{Doubleday, W.G. and Rivard, D.},
  year = 	  {1981},
  title = 	{Bottom trawl surveys},
  journal = 	 {Can. Spec. Publ. Fish. Aquat. Sci},
  pages = 	 {58: 237 pp}
}

@article{francis2011,
	author = {R. I. C. C. Francis},
	title = {Data weighting in statistical fisheries stock assessment models},
  journal   = {Can. J. Fish. Aquat. Sci.},
	year = {2011},
	volume = {68},
	number = {6},
	pages = {1124-1138},
}

@article{French:2018,
  author = 	 {French, K. and Shackell, N. and den Heyer, N.},
  title = 	 {\link{https://www.st.nmfs.noaa.gov/spo/FishBull/1162/french.pdf}{. Information on the Potential for Recovery of Cusk in Canadian Waters.}},
  year =  {2018},
  journal = {Fish. Bull.},
  volume =  {116},
  pages =  {107-121},
}

@article{Greenan:2019,
  author = {Greenan, B.J.W. and Shackell, N.L. and Ferguson, K. and Greyson, P. and Cogswell, A. and Brickman, D. and Wang, Z. and Cook, A. and Brennan, C.E. and Saba, V.S.},
  title = {Climate Change Vulnerability of {A}merican Lobster Fishing Communities in {A}tlantic {C}anada},
  journal =  {Frontiers in Marine Science},
  year = 	{2019},
  volume = 	 {6},
  pages = 	 {579}
  }

@article{Harris:2018,
  author = 	 {Harris, L.E. and Greenlaw, M. and McCurdy, D. and MacDonald, D.},
  title = 	 {\link{http://publications.gc.ca/collections/collection_2018/mpo-dfo/fs70-5/Fs70-5-2018-002-eng.pdf}{. Information on the Potential for Recovery of Cusk in Canadian Waters.}},
  year = 	 {2018},
  journal = {DFO Can. Sci. Advis. Sec. Res. Doc.},
  volume = 	 {2018/002. vi + 62 p.}
}

@article{Horsman:atlas:2009,
  author = 	 {Horsman, T.L. and Shackell, N.L.},
  title = 	 {\link{http://publications.gc.ca/site/eng/353896/publication.html}{Atlas of important habitat for key fish species of the {S}cotian {S}helf, {C}anada}},
  year = 	 {2009},
  journal = 	 {Can. Tech. Rep. Fish. Aquat. Sci.},
  volume = 	 {2835},
  pages = {viii + 82~p.}
}


@article{Hubley2013,
  author = 	 {Hubley, P. and Reeves, A. and Smith, S. and and Nasmith, L. },
  title = 	 {\link{https://waves-vagues.dfo-mpo.gc.ca/Library/360651.pdf}{Atlas of important habitat for key fish species of the {S}cotian {S}helf, {C}anada}},
  year = 	 {2013},
  journal = 	 {DFO Can. Sci. Advis. Sec. Res. Doc},
  volume = 	 {2013/079: vi + 58p}
}

@article{Hubley2013,
  author = 	 {Hubley, P.B. and Reeves, A. and Smith, S.J. and Nasmith, L},
  title = 	 {\link{https://waves-vagues.dfo-mpo.gc.ca/Library/360651.pdf}{Georges {B}ank 'a' and {B}rowns {B}ank '{N}orth' {S}callop (\emph{{P}lacopecten magellanicus}) Stock Assessment}},
  year = 	 {2014},
  journal =  {DFO Can. Sci. Advis. Sec. Res. Doc.},
  volume = 	 {2013/079},
  pages = 	 {vi + 58~p}
}

@article{Kenchingtons2013,
  author = 	 {Kenchington, T.J. and Kenchington, E.L.R.},
  title = 	 {\link{https://www.researchgate.net/profile/Ellen-Kenchington/publication/258296829_Biodiversity_Metrics_for_Use_in_the_Ecosystem_Approach_to_Oceans_Management/links/0c960527bcf2ebf4b8000000/Biodiversity-Metrics-for-Use-in-the-Ecosystem-Approach-to-Oceans-Management.pdf}{Biodiversity metrics for use in the ecosystem approach to oceans management}},
  year = 	 {2017},
  journal =  {Can. Tech. Rep. Fish. Aquat. Sci.},
  volume = 	 {3186: iv + 49 p}
}

@article{Kenchington2019,
  author = 	 {Kenchington, E. and Callery, O. and Davidson, F. and Grehan, A. and Morato, T. and Appiott, J. and Davis, A. and Dunstan, P. and Du Preez, C. and Finney, J. and González-Irusta, J.M. and Howell, K. and Knudby, A. and Lacharité, M. and Lee, J. and Murillo, F.J. and Beazley, L. and Roberts, J.M. and Roberts, M. and Rooper, C. and Rowden, A. and Rubidge, E. and Stanley, R. and Stirling, D. and Tanaka, K.R. and Vanhatalo, J. and Weigel, B. and Woolley, S. and Yesson, C.},
  title = 	 {\link{https://waves-vagues.dfo-mpo.gc.ca/Library/40766299.pdf}{Use of Species Distribution Modeling in the Deep Sea}},
  year = 	 {2019},
  journal =  {Can. Tech. Rep. Fish. Aquat. Sci.},
  volume = 	 {3296: ix + 76 p.}
}


@article{Lohr1999,
  author = {Lohr, S.},
  title = {Sampling: Design and Analysis},
  year = {1999},
  journal = {Pacific Grove, CA: Brooks/Cole Publishing Company}
}

@article{LosierWaite1989,
  author = 	 {Losier, R.J. and Waite, L.E.},
  title = 	 {Systematic listing of scientific and/or common names of inverterbrates and marine plants and their respective codes used by marine fish division, {F}isheries and {O}ceans, {S}cotia-{F}undy {R}egion},
  year = 	 {1989},
  journal =  {Canadian Data Report of Fisheries and Aquatic Sciences},
  number = {721}
}

@article{Lowen:2019,
  author = 	 {Lowen, B. and Hart, D. and Stanley, R. and Lehnert, S. and Bradbury, I. and DiBacco C.},
  title = 	 {\link{https://academic.oup.com/icesjms/article/76/6/1762/5430871}{Assessing effects of genetic, environmental, and biotic gradients in species distribution modelling}},
  year = 	 {2019},
  journal = {ICES Journal of Marine Science},
  volume = 	 {76(6)},
  pages = {1762--1775}
}


@article{Myers:Stokes:1989,
  author = {Myers, R.A. and Stokes, K.},
  title = {Density-dependent habitat utilization of groundfish and the improvement of research surveys},
  year = {1989},
  publisher = {International Council for the Exploration of the Sea Council Meeting},
  number = {D:15}
  }

@article{Nelsonetal:2004,
  author = {Nelson J.S., and Crossman E.J., and Espinosa-Perez H., and Findley L.T., and Gilbert C.R., and Lea R.N., and Williams J.D.},
  title = {Common and scientific names of fishes from the United States Canada and Mexico},
  year = {2004},
  publisher = {Number 29 in Special Publication. American Fisheries Society, Bethesda, Maryland, sixth edition}
  }

@article{Nephin:2019,
  author = 	 {Nephin, J. and Gregr, E.J. and St. Germain, C. and Fields, C. and and Finney, J.L.},
  title = 	 {\link{http://publications.gc.ca/collections/collection_2020/mpo-dfo/fs70-5/Fs70-5-2020-004-eng.pdf}{Development of a {S}pecies {D}istribution {M}odelling Framework and its Application to Twelve Species on {C}anada’s {P}acific Coast}},
  year =  {2019},
  journal = {DFO Can. Sci. Advis. Sec. Res. Doc.},
  volume =  {2020/004. xii + 107 p.}
}

@misc{OpenData_MAR_RV,
  author = {DFO},
  title = {Maritimes Research Vessel Surveys [Dataset]},
  year = {2021},
  howpublished = {Retrieved from https://open.canada.ca/data/en/dataset/8ddcaeea-b806-4958-a79f-ba9ab645f53b}
}

@book{page:etal:7thedition,
  author = {Page L.M., and Espinosa-Pérez H., and Findley L.T., and Gilbert C.R., and Lea R.N., and Mandrak N.E.,and Mayden R.L. and Nelson J.S.},
  title={Common and scientific names of fishes from the {U}nited {S}tates, {C}anada, and {M}exico},
  year={2013},
  publisher={American Fisheries Society},
  place = {Bethesda, MD},
  ISBN = {978-1-934874-31-8},
  series = {Special Publication},
  number = {34}
}

@article{Perry:Smith:1994:cjfas,
    author = {Perry, R.I. and Smith, S.J.},
    title = {Identifying {H}abitat {A}ssociations of {M}arine {F}ishes {U}sing {S}urvey {D}ata: {A}n {A}pplication to the {N}orthwest {A}tlantic},
    year = {1994},
    journal = {Canadian Journal of Fisheries and Aquatic Sciences},
    number = {51(3)},
    pages = {589-602}
}

@article{Ricard:MARatlas:2013,
  author = 	 {Ricard, D. and Shackell, N.L.},
  title = 	 {\link{http://publications.gc.ca/site/eng/9.589947/publication.html}{Population status (abundance/biomass, geographic extent, body size and condition), important habitat, depth, temperature and salinity of marine fish and invertebrates on the {S}cotian {S}helf and {B}ay of {F}undy (1970-2012)}},
  year = 	 {2013},
  journal =  {Can. Tech. Rep. Fish. Aquat. Sci.},
  volume = 	 {3012},
  pages = {viii + 180~p.}
}

@article{Robinson:2017,
    author = {Robinson, N.M. and Nelson, W.A. and Costello, M.J. and Sutherland, J.E. and Lundquist, C.J.},
    title = {Systematic Review of Marine-Based Species Distribution Models ({SDM}s) with Recommendations for Best Practice},
    year = {2017},
    journal = {Front. Mar. Sci},
    number = {4},
    pages = {421}
}

 @Manual{R:2021,
    title = {R: A Language and Environment for Statistical Computing},
    author = {{R Core Team}},
    organization = {R Foundation for Statistical Computing},
    address = {Vienna, Austria},
    year = {2021},
    url = {https://www.R-project.org/},
  }

@book{R:2013,
  author = {RCoreTeam},
  title={R: A Language and Environment for Statistical Computing},
  year={2013},
  publisher={R Foundation for Statistical Computing},
  place = {Vienna, Austria}
  }
  
@Manual{R:package:PBSmapping,
  title = {PBSmapping: Mapping Fisheries Data and Spatial Analysis Tools},
  author = {Jon T. Schnute and Nicholas Boers and Rowan Haigh},
  year = {2019},
  publisher = {R package version 	2.72.1 \url{https://cran.r-project.org/web/packages/PBSmapping/index.html}}
  }
  
  
  @Manual{R:package:zoo,
  title = {zoo: S3 Infrastructure for Regular and Irregular Time Series},
  author = {Achim Zeileis and Gabor Grothendieck},
  journal = {Journal of Statistical Software},
  year = {2005},
  volume = {14(6)},
  pages = {1--27}
  }
  
  
  @Manual{R:package:classInt,
  title = {classInt: Choose Univariate Class Intervals},
  author = {Roger Bivand},
  year = {2020},
  publisher = {R package version 0.4-3 \url{https://CRAN.R-project.org/package=classInt}}
  }
  
  @Manual{R:package:RColorBrewer,
    title = {RColorBrewer:ColorBrewer Palettes},
    author = {Erich Neuwirth},
    year = {2014},
    publisher = {R package version 1.1-2 \url{https://CRAN.R-project.org/package=RColorBrewer}}
    }


@Manual{R:package:maptools,
    title = {maptools: Tools for Handling Spatial Objects},
    author = {Roger Bivand and Nicholas Lewin-Koh},
    year = {2020},
    publisher = {R package version 1.0-2 \url{https://CRAN.R-project.org/package=maptools}},
    }

   @Manual{R:package:rgeos,
  title = {rgeos: Interface to Geometry Engine - Open Source ('GEOS')},
  author = {Roger Bivand and Colin Rundel},
  year = {2020},
  publisher = {R package version 	0.5-5 \url{http://CRAN.R-project.org/package=rgeos}}
  }
  
  @Manual{R:package:RODBC,
  title = {RODBC: ODBC Database Access},
  author = {Brian Ripley and Michael Lapsley},
  year = {2019},
  publisher = {R package version 1.3-16 \url{http://CRAN.R-project.org/package=RODBC}}
  }
  
  
  @Manual{R:package:xtable,
  title = {xtable: Export tables to LaTeX or HTML},
  author = {David B. Dahl and David Scott and Charles Roosen and Arni Magnusson and Jonathan Swinton},
  year = {2019},
    publisher = {R package version 1.8-4 \url{http://CRAN.R-project.org/package=xtable}}
  }
  
  @Manual{R:Tidyverse,
  title = {tidyverse: Easily Install and Load the 'Tidyverse'},
  author = {Wickham, H.},
  year = {2019},
  publisher = {R package version 1.3.0 \url{https://cran.r-project.org/web/packages/tidyverse/index.html}}
  }
  
   @Manual{R:package:MASS,
  title = {Modern Applied Statistics with S},
  author = {Ripley, B., and Venables, B., and Bates, D., and Hornik, K., and Gebhardt, A., and Firth, D.},
  year = {2020},
  publisher = {R package version 7.3-53 \url{https://cran.r-project.org/web/packages/MASS/index.html}}
  }
  
  @Manual{R:package:worms,
    title = {worms: Retriving Aphia Information from World Register of Marine Species},
    author = {Jan Holstein},
    year = {2018},
    publisher = {R package version 0.2.2 \url{https://CRAN.R-project.org/package=worms}}
    }


  @Manual{R:package:spatstat,
    title = {Spatial Point Patterns: Methodology and Applications with {R}},
    author = {Baddeley, A., Rubak, E., Turner, R.},
    year = {2015},
    publisher = {Chapman and Hall/CRC Press},
    address = {London \url{http://www.crcpress.com/Spatial-Point-Patterns-Methodology-and-Applications-with-R/Baddeley-Rubak-Turner/9781482210200/}}
    }
  
  @Manual{R:package:gstat,
  title = {Multivariable geostatistics in {S}: the gstat package},
  author = {Pebesma, E.},
  year = {2004},
  journal = {Computers and Geosciences},
  volume =  {30},
  pages = {683-691}
  }
  

@Manual{R:csasdown,
    title = {csasdown: {R}eproducible {CSAS} {R}eports with {B}ookdown},
    author = {Sean C. Anderson and Chris Grandin and Andrew M. Edwards and Matthew H. Grinnell and Daniel Ricard and Rowan Haigh},
    note = {R package version 0.0.9.9000},
    year = {2021}
  }

@article{Shackell2013,
  author = 	 {Shackell, N. and Brickman, D. and Frank, K.},
  title = 	 {\link{https://onlinelibrary.wiley.com/doi/full/10.1002/aqc.2369}{Reserve site selection for data-poor invertebrate fisheries using patch scale and dispersal dynamics: A case study of sea cucumber}},
  year = 	 {2013},
  journal =  {Aquatic Conserv: Mar. Freshw. Ecosyst.},
  volume = 	 {23},
  pages = 	 {723--731}
}


@article{Simon:Comeau:1994,
  author = 	 {Simon, J.E. and Comeau, P.A.},
  title = 	 {\link{http://publications.gc.ca/site/eng/46517/publication.html}{Summer distribution and abundance trends of species caught on the {S}cotian {S}helf from 1970-92, by the research vessel groundfish survey}},
  year = 	 {1994},
  journal =  {Can. Tech. Rep. Fish. Aquat. Sci.},
  volume = 	 {1953}
}

@article{Smith:1996,
  author = {Smith, Stephen J.},
  title = {Assessment of groundfish stocks based on bottom trawl survey results},
  journal =  {{NAFO} Scientific Council Studies},
  year = 	{1996},
  volume = 	 {28},
  pages = 	 {25--53}
  }

@article{Stanley:2018,
  author = {Stanley, R.E. and DiBacco, C. and Lowen, B. and Beiko, R. and Jeffery, N. and Wyngaarden, M. and Bentzen, P. and Brickman, D. and Benestan, L. and Bernatchez, L. and Johnson, C. and Snelgrove, P. and Wang, Z. and Wringe, B. Bradbury, I.},
  title = {A climate-associated multispecies cryptic cline in the northwest {A}tlantic},
  journal =  {Science {A}dvances},
  year = 	{2018},
  volume = 	 {4(3)},
  pages = 	 {1--7}
  }
  
@article{Smith2015,
  author = 	 {Smith, C.D. and Serdynska, A.R. and King, M.C. and Shackell, N.L.},
  title = 	 {\link{https://waves-vagues.dfo-mpo.gc.ca/Library/358735.pdf}{Spring, summer and fall distribution of common demersal fishes on the Scotian Shelf between 1978 and 1985}},
  year = 	 {2015},
  journal =  {Can. Tech. Rep. Fish. Aquat. Sci.},
  volume = 	 {3068: vi + 38 p.}
}
  
  
  @article{Swain:Sinclair:1994:cjfas,
author = {Swain, Douglas P. and Sinclair, Alan F.},
title = {Fish distribution and catchability: {W}hat is the appropriate measure of distribution?},
journal = {Canadian Journal of Fisheries and Aquatic Sciences},
volume = {51},
number = {5},
pages = {1046--1054},
year = {1994}
}


@article{Swain:Morin:1996:cjfas,
author = {Swain, Douglas P. and Morin, Roderick},
title = {\link{https://cdnsciencepub.com/doi/abs/10.1139/f95-163}{Relationships between geographic distribution and abundance of {A}merican plaice (\emph{{H}ippoglossoides platessoides}) in the southern {G}ulf of {S}t. {L}awrence}},
journal = {Canadian Journal of Fisheries and Aquatic Sciences},
volume = {53},
number = {1},
pages = {106--119},
year = {1996}
}
  
@article{Tremblayetal:2007,
  author = 	 {Tremblay M.J., Black G.A.P., Branton R.},
  title = 	 {The distribution of common decapod crustaceans and other invertebrates recorded in annual ecosystem surveys of the Scotian Shelf 1999-2006, by the research vessel groundfish survey},
  year = 	 {2007},
  journal =  {Can. Tech. Rep. Fish. Aquat. Sci.},
  volume = 	 {74}
}

@misc{Ricard-Gomez-2021,
  author = {Daniel Ricard and Catalina Gomez},
  title = {Maritimes-SUMMER-Atlas},
  year = {2021},
  publisher = {GitHub},
  journal = {GitHub repository},
  howpublished = {\url{https://github.com/dfo-gulf-science/Maritimes-SUMMER-Atlas}}
}

@article{WardPaige2016,
  author = 	 {Ward-Paige, C.A. and Bundy, A.},
  title = 	 {\link{https://waves-vagues.dfo-mpo.gc.ca/Library/363944.pdf}{Mapping Biodiversity on the {S}cotian {S}helf and in the
{B}ay of Fundy}},
  year = 	 {2015},
  journal =  {Can. Tech. Rep. Fish. Aquat. Sci.},
  volume = 	 {3068},
  pages = {vi + 38~p.}
}


@article{Zisserson2019,
  author = 	 {Zisserson, B.M. and Cameron, B.J. and Glass, A.C. and Choi, J.S.},
  title = 	 {\link{http://publications.gc.ca/collections/collection_2020/mpo-dfo/fs70-5/Fs70-5-2018-051-eng.pdf}{ Assessment of Scotian Shelf Snow Crab in 2017}},
  year = 	 {2019},
  journal =  {DFO Can. Sci. Advis. Sec. Res. Doc.},
  volume = 	 {2018/051},
  pages = {ix + 147~p.}
}

@article{Ricard:GULFatlas:2021,
  author = 	 {Ricard, D. and Rolland, N. and Swain, D.},
  title = 	 {Occurrence, geographic distribution and abundance indices of marine organisms caught in the September research vessel trawl survey in the southern {G}ulf of {S}t. {L}awrence (1971-2020)},
  year = 	 {in prep.},
  journal =  {Can. Tech. Rep. Fish. Aquat. Sci.},
  volume = 	 {xxxx},
  pages = {viii + 180~p.}
}

@article{Fowler-Showell-2009,
  author = 	 {G. Mark Fowler and Mark A. Showell},
  title = 	 {CALIBRATION OF BOTTOM TRAWL SURVEY VESSELS: COMPARATIVE FISHING BETWEEN THE {A}LFRED {N}EEDLER AND TELEOST ON THE {S}COTIAN {S}HELF DURING THE SUMMER OF 2005},
  year = 	 {2009},
  journal =  {Can. Tech. Rep. Fish. Aquat. Sci.},
  volume = 	 {2824},
  pages = {iv + 25~p.}
}

@article{Koeller-Smith-1983,
  author = 	 {Peter Koeller and S.J. Smith},
  title = 	 {Preliminary analysis of {A.T.} {C}ameron - {L}ady {H}ammond comparative fishing experiments 1979-1981},
  year = 	 {1983},
  journal =  {CAFSAC Research Document},
  volume = 	 {83/59}
}

@article{Fanning-1984,
  author = 	 {P. Fanning},
  title = 	 {Preliminary {A}nalysis of {A}lfred {N}eedler - {L}ady {H}ammond {C}omparative {F}ishing {E}xperiments ({S}ilver {H}ake, 1983)},
  year = 	 {1984},
  journal =  {NAFO SCR Doc.},
  volume = 	 {84/VI/82}
}

@article{lecren1951,
  title={The length-weight relationship and seasonal cycle in gonad weight and condition in the perch (\textit{{P}erca fluviatilis})},
  author={Le Cren, ED},
  journal={The Journal of Animal Ecology},
  pages={201--219},
  year={1951},
  publisher={JSTOR}
}

@article{Cook:Bundy:2012,
  author = 	 {Cook, A.M. and Bundy, A.},
  title = 	 {\link{https://waves-vagues.dfo-mpo.gc.ca/Library/40644881.pdf}{Use of fishes as sampling tools for understanding biodiversity and ecosystem functioning in the ocean}},
  year = 	 {2012},
  journal = {Marine Ecology Progress Series},
  volume = 	 {454},
  pages = {1--18}
}

@article{Serdynska-etal-2021,
  author = 	 {Anna R. Serdynska and Gary S. Pardy, and Marty C. King},
  title = 	 {Offshore {E}cological and {H}uman {U}se {I}nformation considered in {M}arine {P}rotected {A}rea {N}etwork {D}esign in the {S}cotian {S}helf {B}ioregion},
  year = 	 {2021},
  journal =  {Can. Tech. Rep. Fish. Aquat. Sci.},
  volume = 	 {3382},
  pages = {xi + 100~p.}
}

@book{Maginley-etal-2014,
  author = {Charles Maginley and Bernard Collin and Ronald Barrie},
  title = {The Canadian Coast Guard fleet, 1962-2012},
  year={2014},
  publisher={Long Hill Publishing},
  address={Mahone Bay, Nova Scotia}
}

@article{Fanning-1985,
title = {\link{https://waves-vagues.dfo-mpo.gc.ca/Library/75575.pdf}{Intercalibration of {R}esearch {S}urvey {R}esults {O}btained by {D}ifferent {V}essels}},
author = {L. P. Fanning},
year = {1985},
  journal =  {CAFSAC Research Document},
  volume = 	 {85/3}
}

